<record><leader>00000cas a2200000 a 4500</leader><controlfield tag="001">11942687</controlfield><controlfield tag="008">850419d18821883ksuwr ne      0    0eng d</controlfield><datafield ind1=" " ind2=" " tag="010"><subfield code="a">sn 85029949 </subfield></datafield><datafield ind1=" " ind2=" " tag="040"><subfield code="a">KSH</subfield><subfield code="b">eng</subfield><subfield code="c">KSH</subfield><subfield code="d">NPT</subfield><subfield code="d">OCL</subfield><subfield code="d">OCLCQ</subfield></datafield><datafield ind1=" " ind2=" " tag="042"><subfield code="a">msc</subfield></datafield><datafield ind1="0" ind2=" " tag="130"><subfield code="a">Olathe mirror (Olathe, Kan. : 1882)</subfield></datafield><datafield ind1="1" ind2="4" tag="245"><subfield code="a">The Olathe mirror.</subfield></datafield><datafield ind1=" " ind2=" " tag="260"><subfield code="a">Olathe, Kan. :</subfield><subfield code="b">Hutchison Bros.,</subfield><subfield code="c">1882-</subfield></datafield><datafield ind1=" " ind2=" " tag="300"><subfield code="a">v. ;</subfield><subfield code="c">64 cm.</subfield></datafield><datafield ind1=" " ind2=" " tag="310"><subfield code="a">Weekly</subfield></datafield><datafield ind1="0" ind2=" " tag="362"><subfield code="a">Vol. 22, no. 19 (June 15, 1882)-</subfield></datafield><datafield ind1="1" ind2=" " tag="362"><subfield code="a">Ceased with Jan. 25, 1883 issue?</subfield></datafield><datafield ind1=" " ind2=" " tag="500"><subfield code="a">Published by Rochester &amp; Coan, Dec. 7, 1882-</subfield></datafield><datafield ind1=" " ind2=" " tag="500"><subfield code="a">Republican.</subfield></datafield><datafield ind1=" " ind2=" " tag="752"><subfield code="a">United States</subfield><subfield code="b">Kansas</subfield><subfield code="c">Johnson</subfield><subfield code="d">Olathe.</subfield></datafield><datafield ind1="0" ind2="0" tag="780"><subfield code="t">Mirror and news letter</subfield><subfield code="w">(DLC)sn 85029948</subfield></datafield><datafield ind1="0" ind2="5" tag="780"><subfield code="t">Weekly review (Spring Hill, Kan.)</subfield><subfield code="g">Oct. 20, 1882</subfield><subfield code="w">(DLC)sn 85029986</subfield></datafield><datafield ind1="0" ind2="7" tag="785"><subfield code="t">Olathe gazette</subfield><subfield code="w">(DLC)sn 85029943</subfield></datafield><datafield ind1="0" ind2="7" tag="785"><subfield code="t">Olathe mirror-gazette</subfield><subfield code="w">(DLC)sn 85029954</subfield></datafield></record>